@article{aps2015concrete,
  title={On the concrete hardness of learning with errors},
  author={Albrecht, Martin R and Player, Rachel and Scott, Sam},
  journal={Journal of Mathematical Cryptology},
  volume={9},
  number={3},
  pages={169--203},
  year={2015},
  publisher={De Gruyter}
}

@inproceedings{awht2016improved,
  title={Improved progressive BKZ algorithms and their precise cost estimation by sharp simulator},
  author={Aono, Yoshinori and Wang, Yuntao and Hayashi, Takuya and Takagi, Tsuyoshi},
  booktitle={Annual International Conference on the Theory and Applications of Cryptographic Techniques},
  pages={789--819},
  year={2016},
  organization={Springer}
}

@article{se1994lattice,
  title={Lattice basis reduction: Improved practical algorithms and solving subset sum problems},
  author={Schnorr, Claus-Peter and Euchner, Martin},
  journal={Mathematical programming},
  volume={66},
  number={1-3},
  pages={181--199},
  year={1994},
  publisher={Springer}
}

@inproceedings{cn2011bkz,
  title={BKZ 2.0: Better lattice security estimates},
  author={Chen, Yuanmi and Nguyen, Phong Q},
  booktitle={International Conference on the Theory and Application of Cryptology and Information Security},
  pages={1--20},
  year={2011},
  organization={Springer}
}

@article{hr2019analyzing,
  title={Analyzing Progressive-BKZ Lattice Reduction Algorithm.},
  author={Haque, Md and Rahman, Mohammad Obaidur and others},
  journal={International Journal of Computer Network \& Information Security},
  volume={11},
  number={1},
  year={2019}
}

@article{lll1982factoring,
  title={Factoring polynomials with rational coeficients},
  author={Lenstra, Hendrik Willem and Lenstra, Arjen K and Lovfiasz, L and others},
  year={1982}
}

@inproceedings{gnr2010lattice,
  title={Lattice enumeration using extreme pruning},
  author={Gama, Nicolas and Nguyen, Phong Q and Regev, Oded},
  booktitle={Annual International Conference on the Theory and Applications of Cryptographic Techniques},
  pages={257--278},
  year={2010},
  organization={Springer}
}

@book{nv2010lll,
  title={The LLL algorithm},
  author={Nguyen, Phong Q and Vall{\'e}e, Brigitte},
  year={2010},
  publisher={Springer}
}

@inproceedings{hps2011analyzing,
  title={Analyzing blockwise lattice algorithms using dynamical systems},
  author={Hanrot, Guillaume and Pujol, Xavier and Stehl{\'e}, Damien},
  booktitle={Annual Cryptology Conference},
  pages={447--464},
  year={2011},
  organization={Springer}
}
